@inproceedings{elman1990finding,
  title={Finding structure in time},
  author={Elman, Jeffrey L},
  booktitle={Cognitive Science},
  volume={14},
  number={2},
  pages={179--211},
  year={1990},
  publisher={Elsevier}
}

@inproceedings{pascanu2013construct,
  title={How to Construct Deep Recurrent Neural Networks},
  author={Pascanu Razvan, Gulcehre Caglar, Cho Kyunghyun and Bengio Yoshua},
  booktitle={Proceedings of the 2nd International Conference on Learning Representations (ICLR)},
  year={2013}
}

@article{hochreiter1997long,
  title={Long short-term memory},
  author={Hochreiter, Sepp and Schmidhuber, J{\"u}rgen},
  journal={Neural Computation},
  volume={9},
  number={8},
  pages={1735--1780},
  year={1997},
  publisher={MIT Press}
}

@inproceedings{tjong-kim-sang-buchholz-2000-introduction,
  author    = {Erik F. Tjong Kim Sang and Sabine Buchholz},
  title     = {Introduction to the CoNLL-2000 Shared Task: Chunking},
  booktitle = {Proceedings of the 4th Conference on Computational Natural Language Learning and the 2nd Learning Language in Logic Workshop},
  year      = {2000},
  pages     = {127--132},
  address   = {Lisbon, Portugal},
  publisher = {Association for Computational Linguistics},
  url       = {https://aclanthology.org/W00-0726}
}

@misc{marcus1993building,
  title={Building a large annotated corpus of English: The Penn Treebank},
  author={Marcus, Mitchell P and Santorini, Beatrice and Marcinkiewicz, Mary Ann},
  journal={Computational Linguistics},
  volume={19},
  number={2},
  pages={313--330},
  year={1993}
}

@misc{boulanger2012modeling,
  title={Modeling Temporal Dependencies in High-Dimensional Sequences: Application to Polyphonic Music Generation and Transcription},
  author={Boulanger-Lewandowski, Nicolas and Bengio, Yoshua and Vincent, Pascal},
  howpublished={arXiv preprint arXiv:1206.6392},
  year={2012}
}

@misc{allan2005harmonising,
  title={Harmonising chorales by probabilistic inference},
  author={Allan, Moray and Williams, Christopher KI},
  howpublished={Advances in Neural Information Processing Systems (NeurIPS)},
  year={2005}
}

@misc{museData,
  title={MuseData: A Representation of Classical Music for Research},
  author={CCARH: Center for Computer Assisted Research in the Humanities},
  year={2004},
  note={\url{http://www.musedata.org}}
}

@article{kingma2014adam,
  title={Adam: A Method for Stochastic Optimization},
  author={Kingma, Diederik P and Ba, Jimmy},
  journal={International Conference on Learning Representations (ICLR)},
  year={2014},
  note={arXiv:1412.6980}
}

@book{bottou2012stochastic,
  title={Stochastic Gradient Descent Tricks},
  author={Bottou, Léon},
  booktitle={Neural Networks: Tricks of the Trade},
  pages={421--436},
  year={2012},
  publisher={Springer}
}

@misc{bcewithlogitsloss,
  author = {PyTorch Team},
  title = {{BCEWithLogitsLoss} — Binary Cross Entropy with Logits},
  year = {2023},
  note = {\url{https://pytorch.org/docs/stable/generated/torch.nn.BCEWithLogitsLoss.html}}
}

@article{cho2014learning,
  title={Learning phrase representations using RNN encoder-decoder for statistical machine translation},
  author={Cho, Kyunghyun and Van Merri{\"e}nboer, Bart and Gulcehre, {\c{C}}aglar and Bahdanau, Dzmitry and Bougares, Fethi and Schwenk, Holger and Bengio, Yoshua},
  journal={arXiv preprint arXiv:1406.1078},
  year={2014}
}

@book{francis1979brown,
  title={Brown corpus manual},
  author={Francis, W Nelson and Kucera, Henry},
  year={1979},
  publisher={Brown University}
}